<?xml version="1.0" encoding="UTF-8"?><collection xmlns="http://www.loc.gov/MARC21/slim"><record><leader>00405nam--2200157-i-4500</leader><controlfield tag="001">000037677</controlfield><controlfield tag="002">20161230</controlfield><controlfield tag="005">20170125234333</controlfield><controlfield tag="008">060222s1000------------r-----000-0-eng-d</controlfield><datafield ind1=" " ind2=" " tag="245"><subfield code="a">Propagation of short radio waves</subfield></datafield><datafield ind1=" " ind2=" " tag="260"><subfield code="a">New York</subfield><subfield code="b">Mc Graw Hill</subfield><subfield code="c">1951</subfield></datafield><datafield ind1=" " ind2=" " tag="300"><subfield code="a">XVII+278 p.+ 8 Tabl</subfield></datafield><datafield ind1=" " ind2=" " tag="490"><subfield code="a">Mit Rad.Lab.Series 13</subfield></datafield><datafield ind1=" " ind2=" " tag="700"><subfield code="a">Kerr, Donald</subfield></datafield><datafield ind1=" " ind2=" " tag="852"><subfield code="a">1593</subfield></datafield><datafield ind1=" " ind2=" " tag="CAT"><subfield code="a">SYS</subfield><subfield code="c">20170125</subfield><subfield code="h">234333</subfield></datafield></record></collection>